@IEEEtranBSTCTL{bstctl:etal,
  CTLuse_forced_etal = {yes},
  CTLmax_names_forced_etal = {3},
}

@IEEEtranBSTCTL{bstctl:nodash,
  CTLdash_repeated_names = {no},
}

@IEEEtranBSTCTL{bstctl:simpurl,
  CTLname_url_prefix = {Available: },
}

@url{odoc,
title        = "Academic Integrity",
  url          = "https://odoc.princeton.edu/curriculum/academic-integrity"
}

@book{lamport94,
    author    = "Leslie Lamport",
    title     = "{\LaTeX: A Document Preparation System}",
    year      = "1994",
    publisher = "Addison-Wesley",
    edition = "2nd",
    address   = "Reading, Massachusetts"
}

@inproceedings{nicepaper,
  author = "Firstname1 Lastname1 and Firstname2 Lastname2",
  title = "A Very Nice Paper To Cite",
  year = "2000",
  booktitle = "International Symposium on Computer Architecture"
}

@inproceedings{nicepaper2,
  author = "Firstname1 Lastname1 and Firstname2 Lastname2",
  title = "Another Very Nice Paper To Cite",
  year = "2001",
  booktitle = "International Symposium on Computer Architecture"
}

@inproceedings{Salzberg:2005,
 author = {Salzberg, Ben and Murphy, Trevor},
 title = {LaTeX: When {Word} Fails You},
 booktitle = {Proceedings of the 33rd Annual ACM SIGUCCS Conference on User Services},
 series = {SIGUCCS '05},
 year = {2005},
 location = {Monterey, CA, USA},
 pages = {241--243},
 publisher = {ACM},
 address = {New York, NY, USA},
}

@inproceedings{mceowen,
  author={Mceowen, Skye and Sullivan, Daniel and Calderone, Dan and Szmuk, Michael and Sheridan, Oliver and Açıkmeşe, Behçet and Chasnov, Benjamin},
  booktitle={2022 IEEE Aerospace Conference (AERO)}, 
  title={Visual Modeling System for Optimization-Based Real-Time Trajectory Planning for Autonomous Aerial Drones}, 
  year={2022},
  volume={},
  number={},
  pages={1-9},
  doi={10.1109/AERO53065.2022.9843495}
}

@article{mueller,
  author={Mueller, Mark W. and Hehn, Markus and D'Andrea, Raffaello},
  journal={IEEE Transactions on Robotics},
  title={A Computationally Efficient Motion Primitive for Quadrocopter Trajectory Generation}, 
  year={2015},
  volume={31},
  number={6},
  pages={1294-1310},
  doi={10.1109/TRO.2015.2479878}
}

@inproceedings{mellinger,
  author={Mellinger, Daniel and Kumar, Vijay},
  booktitle={2011 IEEE International Conference on Robotics and Automation}, 
  title={Minimum snap trajectory generation and control for quadrotors}, 
  year={2011},
  volume={},
  number={},
  pages={2520-2525},
  doi={10.1109/ICRA.2011.5980409}
}

@misc{hanover,
  title={Autonomous Drone Racing: A Survey},
  author={Drew Hanover and Antonio Loquercio and Leonard Bauersfeld and Angel Romero and Robert Penicka and Yunlong Song and Giovanni Cioffi and Elia Kaufmann and Davide Scaramuzza},
  year={2023},
  eprint={2301.01755},
  archivePrefix={arXiv},
  primaryClass={cs.RO}
}

@misc{zhou,
  title={RAPTOR: Robust and Perception-aware Trajectory Replanning for Quadrotor Fast Flight}, 
  author={Boyu Zhou and Jie Pan and Fei Gao and Shaojie Shen},
  year={2020},
  eprint={2007.03465},
  archivePrefix={arXiv},
  primaryClass={cs.RO}
}

@url{generator,
  title = "Quadrocopter trajectory generator",
  url = "https://github.com/markwmuller/RapidQuadrocopterTrajectories"
}